@article{parker2015phylogenetic,
  title={Phylogenetic structure and host abundance drive disease pressure in communities},
  author={Parker, Ingrid M and Saunders, Megan and Bontrager, Megan and Weitz, Andrew P and Hendricks, Rebecca and Magarey, Roger and Suiter, Karl and Gilbert, Gregory S},
  journal={Nature},
  volume={520},
  number={7548},
  pages={542},
  year={2015},
  publisher={Nature Publishing Group}
}

@article{lee2016synthesis,
  title={A synthesis of transplant experiments and ecological niche models suggests that range limits are often niche limits},
  author={Lee-Yaw, Julie A and Kharouba, Heather M and \textbf{Bontrager}, \textbf{M} and Mahony, Colin and Cserg{\H{o}}, Anna M{\'a}ria and Noreen, Annika ME and Li, Qin and Schuster, Richard and Angert, Amy L},
  journal={Ecology Letters},
  volume={19},
  number={6},
  pages={710--722},
  year={2016},
  publisher={Wiley Online Library}
}


@article{bontrager2014effects,
  title={The effects of habitat and competitive/facilitative interactions on reintroduction success of the endangered wetland herb, \textit{{A}renaria paludicola}},
  author={Bontrager, Megan and Webster, Kelsey and Elvin, Mark and Parker, Ingrid M},
  journal={Plant Ecology},
  volume={215},
  number={4},
  pages={467--478},
  year={2014},
  publisher={Springer}
}

@article{yost2013phylogenetic,
  title={Phylogenetic relationships and evolution in \textit{{D}udleya} ({C}rassulaceae)},
  author={Yost, Jenn M and Bontrager, Megan and McCabe, Stephen Ward and Burton, Darren and Simpson, Michael G and Kay, Kathleen M and Ritter, Matt},
  journal={Systematic Botany},
  volume={38},
  number={4},
  pages={1096--1104},
  year={2013},
  publisher={American Society of Plant Taxonomists}
}

@article{bontrager2016effects,
  title={Effects of range-wide variation in climate and isolation on floral traits and reproductive output of \textit{{C}larkia pulchella}},
  author={Bontrager, Megan and Angert, Amy L},
  journal={American Journal of Botany},
  volume={103},
  number={1},
  pages={10--21},
  year={2016},
  publisher={Wiley Online Library}
}

@article{gamble2018floral,
  title={Floral trait variation and links to climate in the mixed-mating annual \textit{{C}larkia pulchella}},
  author={Gamble, Devin E and Bontrager, Megan and Angert, Amy L},
  journal={Botany},
  volume={96},
  number={7},
  pages={425--435}
  year={2018},
  publisher={NRC Research Press}
}

@article{bontrager2018genetic,
  title={Genetic differentiation is determined by geographic distance in \textit{{C}larkia pulchella}},
  author={Bontrager, Megan and Angert, Amy L},
  journal={bioRxiv},
  pages={374454},
  year={2018},
  publisher={Cold Spring Harbor Laboratory}
}

@article{bontrager2018gene,
  title={Gene flow improves fitness at a range edge under climate change},
  author={Bontrager, Megan and Angert, Amy},
  journal={bioRxiv},
  pages={399469},
  year={2018},
  publisher={Cold Spring Harbor Laboratory}
}

@article{bontrager2018geographic,
  title={Geographic and climatic drivers of reproductive assurance in \textit{{C}larkia pulchella}},
  author={Bontrager, Megan and Muir, Christopher D and Angert, Amy},
  journal={bioRxiv},
  pages={372375},
  year={2018},
  publisher={Cold Spring Harbor Laboratory}
}


